@misc{web:lang:stats,
  author = {W3Techs},
  title = {Usage Statistics of Content Languages
           for Websites},
  year = {2017},
  note = {Last accessed 16 September 2017},
  url = {http://w3techs.com/technologies/overview/content_language/all}
}

%\cite{mokhov2018build}
@article{mokhov2020build,
  title={Build systems {\`a} la carte: Theory and practice},
  author={Mokhov, Andrey and Mitchell, Neil and Jones, Simon Peyton},
  journal={Journal of Functional Programming},
  volume={30},
  year={2020},
  publisher={Cambridge University Press}
}

@article{biernacki2019abstracting,
  title={Abstracting algebraic effects},
  author={Biernacki, Dariusz and Pir{\'o}g, Maciej and Polesiuk, Piotr and Sieczkowski, Filip},
  journal={Proceedings of the ACM on Programming Languages},
  volume={3},
  number={POPL},
  pages={1--28},
  year={2019},
  publisher={ACM New York, NY, USA}
}
@article{biernacki2017handle,
  title={Handle with care: relational interpretation of algebraic effects and handlers},
  author={Biernacki, Dariusz and Pir{\'o}g, Maciej and Polesiuk, Piotr and Sieczkowski, Filip},
  journal={Proceedings of the ACM on Programming Languages},
  volume={2},
  number={POPL},
  pages={1--30},
  year={2017},
  publisher={ACM New York, NY, USA}
}
@article{biernacki2019binders,
  title={Binders by day, labels by night: effect instances via lexically scoped handlers},
  author={Biernacki, Dariusz and Pir{\'o}g, Maciej and Polesiuk, Piotr and Sieczkowski, Filip},
  journal={Proceedings of the ACM on Programming Languages},
  volume={4},
  number={POPL},
  pages={1--29},
  year={2019},
  publisher={ACM New York, NY, USA}
}

@article{pretnar2015introduction,
  title={An introduction to algebraic effects and handlers. invited tutorial paper},
  author={Pretnar, Matija},
  journal={Electronic notes in theoretical computer science},
  volume={319},
  pages={19--35},
  year={2015},
  publisher={Elsevier}
}

@misc{bauer2018algebraic,
    title={What is algebraic about algebraic effects and handlers?},
    author={Andrej Bauer},
    year={2018},
    eprint={1807.05923},
    archivePrefix={arXiv},
    primaryClass={cs.LO}
}


@article{plotkin2001semantics,
  title={Semantics for algebraic operations},
  author={Plotkin, Gordon and Power, John},
  journal={Electronic Notes in Theoretical Computer Science},
  volume={45},
  pages={332--345},
  year={2001},
  publisher={Elsevier}
}

@article{plotkin2002computational,
  title={Computational effects and operations: An overview},
  author={Plotkin, Gordon and Power, John},
  year={2002}
}

@article{plotkin2013handling,
  title={Handling algebraic effects},
  author={Plotkin, Gordon D and Pretnar, Matija},
  journal={arXiv preprint arXiv:1312.1399},
  year={2013}
}


@article{pietersgeneralized,
  title={Generalized Monoidal Effects And Handlers},
  author={PIETERS, RUBEN P and SCHRIJVERS, TOM and RIVAS, EXEQUIEL}
}

@misc{effectsbibliography,
  author = {Jeremy Yallop and contributors},
  title = {Effects bibliography},
  year = {2016},
  publisher = {GitHub},
  journal = {GitHub repository},
  howpublished = {\url{https://github.com/yallop/effects-bibliography/}}
}

@article{DBLP:journals/corr/LindleyMM16,
  author    = {Sam Lindley and
               Conor McBride and
               Craig McLaughlin},
  title     = {Do be do be do},
  journal   = {CoRR},
  volume    = {abs/1611.09259},
  year      = {2016},
  url       = {http://arxiv.org/abs/1611.09259},
  archivePrefix = {arXiv},
  eprint    = {1611.09259},
  timestamp = {Mon, 13 Aug 2018 16:46:15 +0200},
  biburl    = {https://dblp.org/rec/journals/corr/LindleyMM16.bib},
  bibsource = {dblp computer science bibliography, https://dblp.org}
}

%% not cited
@article{mcbride2012frank,
  title={The Frank manual},
  author={McBride, Conor},
  journal={Unpublished manual},
  year={2012}
}

@inproceedings{peyton1993imperative,
  title={Imperative functional programming},
  author={Peyton Jones, Simon L and Wadler, Philip},
  booktitle={Proceedings of the 20th ACM SIGPLAN-SIGACT symposium on Principles of programming languages},
  pages={71--84},
  year={1993}
}

@unpublished{translation_rust,
    title = {{Translation of Build Systems \`{a} la Carte to Rust}},
    author = {Varun Gandhi},
    year = {2018},
    note = {\url{https://web.archive.org/web/20191020001014/https://github.com/cutculus/bsalc-alt-code/blob/master/BSalC.rs}}
}

@unpublished{translation_kotlin,
    title = {{Translation of Build Systems \`{a} la Carte to Kotlin}},
    author = {Paco Estevez and Devesh Shetty},
    year = {2019},
    note = {\url{https://web.archive.org/web/20191021224324/https://github.com/arrow-kt/arrow/blob/paco-tsalc/modules/docs/arrow-examples/src/test/kotlin/arrow/BuildSystemsALaCarte.kt}}
}

@article{mokhov2019selective,
  title={Selective applicative functors},
  author={Mokhov, Andrey and Lukyanov, Georgy and Marlow, Simon and Dimino, Jeremie},
  journal={Proceedings of the ACM on Programming Languages},
  volume={3},
  number={ICFP},
  pages={1--29},
  year={2019},
  publisher={ACM New York, NY, USA}
}
