@unpublished{FormsService,
  author = {Google},
  title = {Dokumentacja Forms Service w Google Apps Script},
  note = {\url{https://developers.google.com/apps-script/reference/forms}}
}

@unpublished{express,
  author = {Node.js},
  title = {Dokumentacja framework'u Express.js},
  note = {\url{https://expressjs.com/}}
}

@unpublished{https,
  author = {Node.js},
  title = {Dokumentacja biblioteki https},
  note = {\url{https://nodejs.org/api/http.html}}
}


@unpublished{cors,
  author = {Troy Goode},
  title = {Dokumentacja biblioteki CORS},
  note = {\url{https://github.com/expressjs/cors}}
}

@unpublished{childprocess,
  author = {Node.js},
  title = {Dokumentacja biblioteki child\_process},
  note = {\url{https://nodejs.org/api/child_process.html}}
}

@unpublished{jsonschema,
  author = {Tom de Grunt},
  title = {Dokumentacja biblioteki jsonschema},
  note = {\url{https://www.npmjs.com/package/jsonschema}}
}

@unpublished{body-parser,
  author = {Douglas Wilson},
  title = {Dokumentacja biblioteki body-parser},
  note = {\url{https://www.npmjs.com/package/body-parser}}
}

@unpublished{tex2pix,
  author = {Andy Buckley},
  title = {Dokumentacja biblioteki tex2pix (Python)},
  note = {\url{https://pypi.org/project/tex2pix/}}
}

@unpublished{pdf2image,
  author ={ Edouard Belval},
  title = {Dokumentacja biblioteki pdf2image (Python)},
  note = {\url{https://pypi.org/project/pdf2image/}}
}


@unpublished{opencv,
  author = {Maintener:  Olli-Pekka Heinisuo},
  title = {Dokumentacja biblioteki OpenCV (Python)},
  note = {\url{https://pypi.org/project/opencv-python/}}
}

@unpublished{bootstrap,
  author = {},
  title = {Dokumentacja biblioteki Bootstrap},
  note = {\url{https://getbootstrap.com/}}
}
  
  
  
  
